<collection xmlns="http://www.loc.gov/MARC21/slim">
<record>
  <leader>01747ncm0a22003011i 450 </leader>
  <controlfield tag="001">IT\ICCU\CNCE\044786</controlfield>
  <controlfield tag="005">20151215000000.0</controlfield>
  <datafield tag="100" ind1=" " ind2=" ">
    <subfield code="a">19990118d1588        0itac0103    ba</subfield>
  </datafield>
  <datafield tag="101" ind1=" " ind2=" ">
    <subfield code="a">LAT</subfield>
  </datafield>
  <datafield tag="102" ind1=" " ind2=" ">
    <subfield code="a">IT</subfield>
  </datafield>
  <datafield tag="200" ind1="1" ind2=" ">
    <subfield code="a">℗Ioannis Petraloysii Praenestini, ℗motettorum quae partim quinis, partim senis, partim octonis vocibus concinantur. Liber secundus. Nunc denu ̣in lucem editus</subfield>
  </datafield>
  <datafield tag="210" ind1=" " ind2=" ">
    <subfield code="a">Venetiis</subfield>
    <subfield code="c">apud haeredem Hieronymi Scoti</subfield>
    <subfield code="d">1588</subfield>
  </datafield>
  <datafield tag="215" ind1=" " ind2=" ">
    <subfield code="a">6 fasc.</subfield>
    <subfield code="d">4ʻ</subfield>
  </datafield>
  <datafield tag="300" ind1=" " ind2=" ">
    <subfield code="a">S, A, T, B, 5, 6</subfield>
  </datafield>
  <datafield tag="620" ind1=" " ind2=" ">
    <subfield code="a">IT</subfield>
    <subfield code="d">Venezia</subfield>
  </datafield>
  <datafield tag="700" ind1=" " ind2="1">
    <subfield code="a">Palestrina,</subfield>
    <subfield code="b">Giovanni Pierluigi : da</subfield>
    <subfield code="3">IT\ICCU\CNCA\011746</subfield>
  </datafield>
  <datafield tag="712" ind1="0" ind2="0">
    <subfield code="a">Scoto, Girolamo - erede</subfield>
    <subfield code="3">IT\ICCU\CNCT\000459</subfield>
    <subfield code="4">650</subfield>
  </datafield>
  <datafield tag="790" ind1=" " ind2="1">
    <subfield code="a">Praenestinus,</subfield>
    <subfield code="b">Ioannes Petrus Aloysius</subfield>
    <subfield code="3">IT\ICCU\CNCA\021937</subfield>
    <subfield code="z">Palestrina, Giovanni Pierluigi : da</subfield>
  </datafield>
  <datafield tag="790" ind1=" " ind2="0">
    <subfield code="a">Giannetto</subfield>
    <subfield code="3">IT\ICCU\CNCA\021938</subfield>
    <subfield code="z">Palestrina, Giovanni Pierluigi : da</subfield>
  </datafield>
  <datafield tag="790" ind1=" " ind2="1">
    <subfield code="a">Praenestinus,</subfield>
    <subfield code="b">Ioannes Petraloysius</subfield>
    <subfield code="3">IT\ICCU\CNCA\021939</subfield>
    <subfield code="z">Palestrina, Giovanni Pierluigi : da</subfield>
  </datafield>
  <datafield tag="790" ind1=" " ind2="1">
    <subfield code="a">Praenestinus,</subfield>
    <subfield code="b">Joannes Petrus Aloysius</subfield>
    <subfield code="3">IT\ICCU\CNCA\021940</subfield>
    <subfield code="z">Palestrina, Giovanni Pierluigi : da</subfield>
  </datafield>
  <datafield tag="801" ind1=" " ind2="3">
    <subfield code="a">IT</subfield>
    <subfield code="b">ICCU</subfield>
    <subfield code="c">20201114</subfield>
  </datafield>
  <datafield tag="899" ind1=" " ind2=" ">
    <subfield code="a">Collezione digitale estera. </subfield>
    <subfield code="1">AA0000</subfield>
    <subfield code="2">ZAA 00</subfield>
  </datafield>
  <datafield tag="899" ind1=" " ind2=" ">
    <subfield code="a">Museo Internazionale e Biblioteca della Musica. Bologna</subfield>
    <subfield code="1">BO0310</subfield>
    <subfield code="2">UBO BM</subfield>
  </datafield>
  <datafield tag="899" ind1=" " ind2=" ">
    <subfield code="a">Biblioteca Apostolica Vaticana. Citt ̉del Vaticano</subfield>
    <subfield code="z">(S,A,T,B,5,6)</subfield>
    <subfield code="1">EX0001</subfield>
    <subfield code="2">ZCV 01</subfield>
  </datafield>
  <datafield tag="899" ind1=" " ind2=" ">
    <subfield code="a">Biblioteca musicale governativa del Conservatorio di musica S. Cecilia. Roma</subfield>
    <subfield code="z">(S,A)</subfield>
    <subfield code="1">RM0266</subfield>
    <subfield code="2">RMR SC</subfield>
  </datafield>
  <datafield tag="911" ind1=" " ind2=" ">
    <subfield code="a">Sul front.</subfield>
    <subfield code="9">IT\ICCU\CNCM\002691</subfield>
  </datafield>
  <datafield tag="921" ind1=" " ind2=" ">
    <subfield code="a">IT\ICCU\CNCM\002691</subfield>
    <subfield code="b">Ancora tra un ramo di olivo e un ramo di palma germoglianti da un tronco, e congiunti dalle iniziali S.O.S. In cornice.</subfield>
    <subfield code="e">In tenebris fulget</subfield>
    <subfield code="c">U1204</subfield>
    <subfield code="f">ANCORA</subfield>
    <subfield code="f">SOS</subfield>
    <subfield code="f">PALMA</subfield>
    <subfield code="f">OLIVO</subfield>
    <subfield code="f">INTENEBRIS</subfield>
    <subfield code="g">1580-1589</subfield>
  </datafield>
</record>
</collection>
